@book{9/11,
title={9/11: As it happened}, url={https://www.sbs.com.au/news/sites/sbs.com.au.news/files/20130912000786948627-original.jpg}, journal={9/11: As it happened}, publisher={SBS}, year={2016}, month={Sep}}
@ARTICLE {COOKBOOK,
    author = "National Consortium for the Study of Terrorism and Responses to Terrorism (START)",
    title  = "Global Terrorism Database- Cookbook: Inclusion Criteria and Variables",
    year   = "2018",
    month  = "July"
}
@MISC {DataBase,
    author       = "National Consortium for the Study of Terrorism and Responses to Terrorism (START)",
    title        = "Global Terrorism Database [Data file]",
    howpublished = "Retrieved from https://www.start.umd.edu/gtd",
    month        = "July",
    year         = "2018"
}